% This file was created with JabRef 2.10.
% Encoding: UTF8


@Article{Hasselmo:Grid07,
  Title                    = {{G}rid cell firing may arise from interference of theta frequency membrane potential oscillations in single neurons},
  Author                   = {Hasselmo, Michael E and Giocomo, Lisa M and Zilli, Eric A},
  Journal                  = {Hippocampus},
  Year                     = {2007},
  Number                   = {12},
  Pages                    = {1252--1271},
  Volume                   = {17},

  Publisher                = {Wiley Online Library},
  Timestamp                = {2014.10.05 16:02},
  Url                      = {http://onlinelibrary.wiley.com/doi/10.1002/hipo.20374/full}
}

@Article{Zilli:Models12,
  Title                    = {{M}odels of grid cell spatial firing published 2005--2011},
  Author                   = {Zilli, Eric A},
  Journal                  = {Frontiers in neural circuits},
  Year                     = {2012},
  Volume                   = {6},

  Publisher                = {Frontiers Media SA},
  Timestamp                = {2014.10.05 16:04}
}

@Article{Brun:Progressive08,
  Title                    = {{P}rogressive increase in grid scale from dorsal to ventral medial entorhinal cortex},
  Author                   = {Brun, Vegard Heimly and Solstad, Trygve and Kjelstrup, Kirsten Brun and Fyhn, Marianne and Witter, Menno P and Moser, Edvard I and Moser, May-Britt},
  Journal                  = {Hippocampus},
  Year                     = {2008},
  Number                   = {12},
  Pages                    = {1200--1212},
  Volume                   = {18},

  Publisher                = {Wiley Online Library},
  Timestamp                = {2014.10.05 16:06},
  Url                      = {http://onlinelibrary.wiley.com/doi/10.1002/hipo.20504/full}
}

@Article{Hafting:Microstructure05,
  Title                    = {{M}icrostructure of a spatial map in the entorhinal cortex},
  Author                   = {Hafting, Torkel and Fyhn, Marianne and Molden, Sturla and Moser, May-Britt and Moser, Edvard I},
  Journal                  = {Nature},
  Year                     = {2005},
  Number                   = {7052},
  Pages                    = {801--806},
  Volume                   = {436},

  Publisher                = {Nature Publishing Group},
  Timestamp                = {2014.10.05 16:07},
  Url                      = {http://www.nature.com/nature/journal/v436/n7052/abs/nature03721.html}
}

@Article{Solstad:From06,
  Title                    = {{F}rom grid cells to place cells: a mathematical model},
  Author                   = {Solstad, Trygve and Moser, Edvard I and Einevoll, Gaute T},
  Journal                  = {Hippocampus},
  Year                     = {2006},
  Number                   = {12},
  Pages                    = {1026--1031},
  Volume                   = {16},

  Publisher                = {Wiley Online Library},
  Timestamp                = {2014.10.05 16:08},
  Url                      = {http://onlinelibrary.wiley.com/doi/10.1002/hipo.20244/full}
}

@Article{OKeefe:Geometric96,
  Title                    = {{G}eometric determinants of the place fields of hippocampal neurons},
  Author                   = {O'Keefe, John and Burgess, Neil},
  Journal                  = {Nature},
  Year                     = {1996},
  Number                   = {6581},
  Pages                    = {425--428},
  Volume                   = {381},

  Timestamp                = {2014.10.05 16:21}
}

@Article{Lyttle:Spatial13,
  Title                    = {{S}patial scale and place field stability in a grid-to-place cell model of the dorsoventral axis of the hippocampus},
  Author                   = {Lyttle, David and Gereke, Brian and Lin, Kevin K and Fellous, Jean-Marc},
  Journal                  = {Hippocampus},
  Year                     = {2013},
  Number                   = {8},
  Pages                    = {729--744},
  Volume                   = {23},

  Publisher                = {Wiley Online Library},
  Timestamp                = {2014.10.08 13:27},
  Url                      = {http://onlinelibrary.wiley.com/doi/10.1002/hipo.22132/full}
}

@Article{Almeida:input09,
  Title                    = {{T}he input--output transformation of the hippocampal granule cells: from grid cells to place fields},
  Author                   = {de Almeida, Licurgo and Idiart, Marco and Lisman, John E},
  Journal                  = {The Journal of Neuroscience},
  Year                     = {2009},
  Number                   = {23},
  Pages                    = {7504--7512},
  Volume                   = {29},

  Publisher                = {Soc Neuroscience},
  Timestamp                = {2014.10.08 13:59},
  Url                      = {http://www.jneurosci.org/content/29/23/7504.short}
}

@Article{Moser:Grid14,
  Title                    = {{G}rid cells and cortical representation},
  Author                   = {Moser, Edvard I and Roudi, Yasser and Witter, Menno P and Kentros, Clifford and Bonhoeffer, Tobias and Moser, May-Britt},
  Journal                  = {Nature Reviews Neuroscience},
  Year                     = {2014},

  Publisher                = {Nature Publishing Group},
  Timestamp                = {2014.10.08 21:23},
  Url                      = {http://www.nature.com/nrn/journal/vaop/ncurrent/full/nrn3766.html?message-global=remove}
}

@Article{Widloski:model14,
  Title                    = {{A} model of grid cell development through spatial exploration and spike time-dependent plasticity},
  Author                   = {Widloski, John and Fiete, Ila R},
  Journal                  = {Neuron},
  Year                     = {2014},
  Number                   = {2},
  Pages                    = {481--495},
  Volume                   = {83},

  Publisher                = {Elsevier},
  Timestamp                = {2015.02.26 22:29}
}

@Book{Keefe:hippocampus78,
  Title                    = {{T}he hippocampus as a cognitive map},
  Author                   = {O'Keefe, John and Nadel, Lynn},
  Publisher                = {Clarendon Press Oxford},
  Year                     = {1978}
}

@Article{Moser:Network14,
  Title                    = {{N}etwork mechanisms of grid cells},
  Author                   = {Moser, Edvard I and Moser, May-Britt and Roudi, Yasser},
  Journal                  = {Philosophical Transactions of the Royal Society B: Biological Sciences},
  Year                     = {2014},
  Number                   = {1635},
  Pages                    = {20120511},
  Volume                   = {369},

  Publisher                = {The Royal Society},
  Timestamp                = {2015.05.10 01:00}
}

@Article{Moser:Place08,
  Title                    = {{P}lace cells, grid cells, and the brain's spatial representation system},
  Author                   = {Moser, Edvard I and Kropff, Emilio and Moser, May-Britt},
  Journal                  = {Annu. Rev. Neurosci.},
  Year                     = {2008},
  Pages                    = {69--89},
  Volume                   = {31},
  Publisher                = {Annual Reviews},
  Timestamp                = {2015.05.10 01:07}
}

@Article{Burak:Accurate09,
  Title                    = {{A}ccurate path integration in continuous attractor network models of grid cells},
  Author                   = {Burak, Yoram and Fiete, Ila R},
  Journal                  = {PLoS computational biology},
  Year                     = {2009},
  Number                   = {2},
  Pages                    = {e1000291},
  Volume                   = {5},
  Publisher                = {Public Library of Science},
  Timestamp                = {2015.05.10 01:29}
}

@Article{Tsodyks:Population96,
  Title                    = {{P}opulation dynamics and theta rhythm phase precession of hippocampal place cell firing: a spiking neuron model},
  Author                   = {Tsodyks, Misha V and Skaggs, William E and Sejnowski, Terrence J and McNaughton, Bruce L},
  Journal                  = {Hippocampus},
  Year                     = {1996},
  Number                   = {3},
  Pages                    = {271--280},
  Volume                   = {6},
  Owner                    = {},
  Publisher                = {Wiley Online Library},
  Timestamp                = {2015.05.19 13:27}
}

@Article{Arleo:Spatial00,
  Title                    = {{S}patial cognition and neuro-mimetic navigation: a model of hippocampal place cell activity},
  Author                   = {Arleo, Angelo and Gerstner, Wulfram},
  Journal                  = {Biological Cybernetics},
  Year                     = {2000},
  Number                   = {3},
  Pages                    = {287--299},
  Volume                   = {83},
  Owner                    = {},
  Publisher                = {Springer},
  Timestamp                = {2015.05.19 13:27}
}

@Article{Lengyel:Dynamically03,
  Title                    = {{D}ynamically detuned oscillations account for the coupled rate and temporal code of place cell firing},
  Author                   = {Lengyel, M{\'a}t{\'e} and Szatmary, Zoltan and {\'E}rdi, P{\'e}ter},
  Journal                  = {Hippocampus},
  Year                     = {2003},
  Number                   = {6},
  Pages                    = {700--714},
  Volume                   = {13},
  Owner                    = {},
  Publisher                = {Wiley Online Library},
  Timestamp                = {2015.05.19 13:28}
}

@Article{Lever:Long02,
  Title                    = {{L}ong-term plasticity in hippocampal place-cell representation of environmental geometry},
  Author                   = {Lever, Colin and Wills, Tom and Cacucci, Francesca and Burgess, Neil and O'Keefe, John},
  Journal                  = {Nature},
  Year                     = {2002},
  Number                   = {6876},
  Pages                    = {90--94},
  Volume                   = {416},
  Owner                    = {},
  Publisher                = {Nature Publishing Group},
  Timestamp                = {2015.05.19 13:29}
}

@Article{Bostock:Experience91,
  Title                    = {{E}xperience-dependent modifications of hippocampal place cell firing},
  Author                   = {Bostock, Elizabeth and Muller, Robert U and Kubie, John L},
  Journal                  = {Hippocampus},
  Year                     = {1991},
  Number                   = {2},
  Pages                    = {193--205},
  Volume                   = {1},
  Owner                    = {},
  Publisher                = {Wiley Online Library},
  Timestamp                = {2015.05.19 13:29}
}

@Article{Burgess:oscillatory07,
  Title                    = {{A}n oscillatory interference model of grid cell firing},
  Author                   = {Burgess, Neil and Barry, Caswell and O'Keefe, John},
  Journal                  = {Hippocampus},
  Year                     = {2007},
  Number                   = {9},
  Pages                    = {801--812},
  Volume                   = {17},
  Owner                    = {},
  Publisher                = {Wiley Online Library},
  Timestamp                = {2015.05.19 13:31}
}

@Article{Giocomo:Temporal07,
  Title                    = {{T}emporal frequency of subthreshold oscillations scales with entorhinal grid cell field spacing},
  Author                   = {Giocomo, Lisa M and Zilli, Eric A and Frans{\'e}n, Erik and Hasselmo, Michael E},
  Journal                  = {Science},
  Year                     = {2007},
  Number                   = {5819},
  Pages                    = {1719--1722},
  Volume                   = {315},
  Owner                    = {},
  Publisher                = {American Association for the Advancement of Science},
  Timestamp                = {2015.05.19 13:31}
}

@Article{Zilli:Coupled10,
  Title                    = {{C}oupled noisy spiking neurons as velocity-controlled oscillators in a model of grid cell spatial firing},
  Author                   = {Zilli, Eric A and Hasselmo, Michael E},
  Journal                  = {The Journal of neuroscience},
  Year                     = {2010},
  Number                   = {41},
  Pages                    = {13850--13860},
  Volume                   = {30},
  Owner                    = {},
  Publisher                = {Soc Neuroscience},
  Timestamp                = {2015.05.19 13:32}
}

@Article{Hasselmo:Grid08,
  Title                    = {{G}rid cell mechanisms and function: contributions of entorhinal persistent spiking and phase resetting},
  Author                   = {Hasselmo, Michael E},
  Journal                  = {Hippocampus},
  Year                     = {2008},
  Number                   = {12},
  Pages                    = {1213--1229},
  Volume                   = {18},
  Owner                    = {},
  Publisher                = {Wiley Online Library},
  Timestamp                = {2015.05.19 13:33}
}

@Article{Hasselmo:Grid07a,
  Title                    = {{G}rid cell firing may arise from interference of theta frequency membrane potential oscillations in single neurons},
  Author                   = {Hasselmo, Michael E and Giocomo, Lisa M and Zilli, Eric A},
  Journal                  = {Hippocampus},
  Year                     = {2007},
  Number                   = {12},
  Pages                    = {1252--1271},
  Volume                   = {17},
  Owner                    = {},
  Publisher                = {Wiley Online Library},
  Timestamp                = {2015.05.19 13:33}
}

@Article{Fuhs:spin06,
  Title                    = {{A} spin glass model of path integration in rat medial entorhinal cortex},
  Author                   = {Fuhs, Mark C and Touretzky, David S},
  Journal                  = {The Journal of Neuroscience},
  Year                     = {2006},
  Number                   = {16},
  Pages                    = {4266--4276},
  Volume                   = {26},
  Owner                    = {},
  Publisher                = {Soc Neuroscience},
  Timestamp                = {2015.05.19 13:34}
}

@Article{Savelli:Hebbian10,
  Title                    = {{H}ebbian analysis of the transformation of medial entorhinal grid-cell inputs to hippocampal place fields},
  Author                   = {Savelli, Francesco and Knierim, James J},
  Journal                  = {Journal of neurophysiology},
  Year                     = {2010},
  Number                   = {6},
  Pages                    = {3167--3183},
  Volume                   = {103},

  __markedentry            = {[:]},
  Owner                    = {},
  Publisher                = {Am Physiological Soc},
  Timestamp                = {2015.05.19 13:51}
}

@Article{McNaughton:Path06,
  Title                    = {{P}ath integration and the neural basis of the'cognitive map'},
  Author                   = {McNaughton, Bruce L and Battaglia, Francesco P and Jensen, Ole and Moser, Edvard I and Moser, May-Britt},
  Journal                  = {Nature Reviews Neuroscience},
  Year                     = {2006},
  Number                   = {8},
  Pages                    = {663--678},
  Volume                   = {7},

  __markedentry            = {[:6]},
  Owner                    = {},
  Publisher                = {Nature Publishing Group},
  Timestamp                = {2015.05.19 13:53}
}

